<?xml version="1.0" encoding="UTF-8" ?>
<collection xmlns:xsi="http://www.w3.org/2001/XMLSchema-instance"
    xsi:schemaLocation="http://www.loc.gov/MARC21/slim
        http://www.loc.gov/standards/marcxml/schema/MARC21slim.xsd"
    xmlns="http://www.loc.gov/MARC21/slim">
<record>
  <leader>00217cam a2200397 i 4500</leader>
  <controlfield tag="001">b12521711</controlfield>
  <controlfield tag="003">LeBAU</controlfield>
  <controlfield tag="005">20190131</controlfield>
  <controlfield tag="008">970715s1929    ua            ||0 0 ara d</controlfield>
  <datafield tag="035" ind1=" " ind2=" ">
    <subfield code="a">ocn784378910</subfield>
  </datafield>
  <datafield tag="040" ind1=" " ind2=" ">
    <subfield code="a">LEAUB</subfield>
    <subfield code="b">ara</subfield>
    <subfield code="e">rda</subfield>
    <subfield code="c">LEAUB</subfield>
    <subfield code="d">LEAUB</subfield>
  </datafield>
  <datafield tag="082" ind1="0" ind2="4">
    <subfield code="a">808.1</subfield>
    <subfield code="2">22</subfield>
  </datafield>
  <datafield tag="100" ind1="1" ind2=" ">
    <subfield code="6">880-01</subfield>
    <subfield code="a">Ibn ʻAllān, Aḥmad ibn Ibrāhīm,</subfield>
    <subfield code="d">1567 or 1568-1623 or 1624,</subfield>
    <subfield code="e">author.</subfield>
  </datafield>
  <datafield tag="245" ind1="1" ind2="0">
    <subfield code="6">880-02</subfield>
    <subfield code="a">Sharḥ qaṣīdat Ibn bint al-Maylaq :</subfield>
    <subfield code="b">allatī awwaluhā: man dhāqa ṭaʻma sharāb al-qawm yadrīh .Wa-yalīhi sharḥ al-shaykh Aḥmad ibn ʻAllān ayḍan ʻalá qaṣīdat Abī Midyan : allatī awwaluhā mā ladhdhat al-ʻaysh illā ṣuḥbat al-fuqarā, hum al-salāṭīn wa-al-sādāt wa-al-umarā /</subfield>
    <subfield code="c">al-shaykh al-ʻālim al-ʻallāmah wa-al-ḥibr al-baḥr al-fahhāmah al-Shaykh Aḥmad ibn ʻAllān.</subfield>
  </datafield>
  <datafield tag="264" ind1=" " ind2="1">
    <subfield code="6">880-03</subfield>
    <subfield code="a">Miṣr :</subfield>
    <subfield code="b">Maṭbaʻat Muṣṭafá al-Bābī al-Ḥalabī wa-Awlāduh,</subfield>
    <subfield code="c">1348 H., [1929? M.]</subfield>
  </datafield>
  <datafield tag="300" ind1=" " ind2=" ">
    <subfield code="6">880-04</subfield>
    <subfield code="a">47 pages ;</subfield>
    <subfield code="c">20 cm</subfield>
  </datafield>
  <datafield tag="336" ind1=" " ind2=" ">
    <subfield code="a">text</subfield>
    <subfield code="b">txt</subfield>
    <subfield code="2">rdacontent</subfield>
  </datafield>
  <datafield tag="337" ind1=" " ind2=" ">
    <subfield code="a">unmediated</subfield>
    <subfield code="b">n</subfield>
    <subfield code="2">rdamedia</subfield>
  </datafield>
  <datafield tag="338" ind1=" " ind2=" ">
    <subfield code="a">volume</subfield>
    <subfield code="b">nc</subfield>
    <subfield code="2">rdacarrier</subfield>
  </datafield>
  <datafield tag="600" ind1="1" ind2="4">
    <subfield code="a">ابن بنت الميلق، محمد بن عبد الدائم،</subfield>
    <subfield code="d">1330 او 1331-1394 او 1395.</subfield>
    <subfield code="t">من ذاق طعم شراب القوم يدريه.</subfield>
  </datafield>
  <datafield tag="600" ind1="0" ind2="4">
    <subfield code="a">ابن مدين،</subfield>
    <subfield code="d">-1197 او 1198.</subfield>
    <subfield code="t">ما لذة العيش إلا صحبة الفقرا.</subfield>
  </datafield>
  <datafield tag="600" ind1="1" ind2="0">
    <subfield code="a">Ibn Bint al-Maylaq, Muḥammad ibn ʻAbd al-Dāʼim,</subfield>
    <subfield code="d">1330 or 1331-1394 or 1395.</subfield>
    <subfield code="t">Man dhāqa ṭaʻma sharāb al-qawm yadrīh.</subfield>
  </datafield>
  <datafield tag="600" ind1="0" ind2="0">
    <subfield code="a">Abū Madyan,</subfield>
    <subfield code="d">-1197 or 1198.</subfield>
    <subfield code="t">Mā ladhdhat al-ʻaysh illā ṣuḥbat al-fuqarā.</subfield>
  </datafield>
  <datafield tag="650" ind1=" " ind2="4">
    <subfield code="a">الشعر العربي</subfield>
    <subfield code="y">750-1258</subfield>
    <subfield code="x">تاريخ ونقد</subfield>
    <subfield code="v">اعمال قديمة حتى 1800.</subfield>
  </datafield>
  <datafield tag="650" ind1=" " ind2="4">
    <subfield code="a">الشعر العربي</subfield>
    <subfield code="y">1258-1800</subfield>
    <subfield code="x">تاريخ ونقد</subfield>
    <subfield code="v">أعمال قديمة حتى 1800.</subfield>
  </datafield>
  <datafield tag="650" ind1=" " ind2="0">
    <subfield code="a">Arabic poetry</subfield>
    <subfield code="y">750-1258</subfield>
    <subfield code="x">History and criticism</subfield>
    <subfield code="v">Early works to 1800.</subfield>
  </datafield>
  <datafield tag="650" ind1=" " ind2="0">
    <subfield code="a">Arabic poetry</subfield>
    <subfield code="y">1258-1800</subfield>
    <subfield code="x">History and criticism</subfield>
    <subfield code="v">Early works to 1800.</subfield>
  </datafield>
  <datafield tag="852" ind1=" " ind2=" ">
    <subfield code="a">Jafet Library</subfield>
    <subfield code="e">American University of Beirut, Bliss Street , Beirut, Lebanon.</subfield>
  </datafield>
  <datafield tag="880" ind1="1" ind2=" ">
    <subfield code="6">100-01/(3/r</subfield>
    <subfield code="a">ابن علان، احمد بن ابراهيم،</subfield>
    <subfield code="d">1567 او 1568-1623 او 1624،</subfield>
    <subfield code="e">مؤلف. </subfield>
    <subfield code="4">aut.</subfield>
  </datafield>
  <datafield tag="880" ind1="1" ind2="0">
    <subfield code="6">245-02/(3/r</subfield>
    <subfield code="a">شرح قصيدة إبن بنت الميلق :</subfield>
    <subfield code="b">التي أولها: من ذاق طعم شراب القوم يدريه ؛ ويليه شرح الشيخ أحمد بن علان ايضا على قصيدة أبي مدين : التي أولها ما لذة العيش إلا صحبة الفقرا، هم السلاطين والسادات والأمرا /</subfield>
    <subfield code="c">للشيخ العالم العلامة والحبر البحر الفهامة الشيخ أحمد بن علان.</subfield>
  </datafield>
  <datafield tag="880" ind1=" " ind2="1">
    <subfield code="6">264-03/(3/r</subfield>
    <subfield code="a">مصر :</subfield>
    <subfield code="b">مطبعة مصطفى البابي الحلبي وأولاده،</subfield>
    <subfield code="c">1348 هـ.، [1929؟ م.]</subfield>
  </datafield>
  <datafield tag="880" ind1=" " ind2=" ">
    <subfield code="6">300-04/(3/r</subfield>
    <subfield code="a">47 صفحة ؛</subfield>
    <subfield code="c">20 سم</subfield>
  </datafield>
  <datafield tag="907" ind1=" " ind2=" ">
    <subfield code="a">.b12521711</subfield>
    <subfield code="b">19-02-07</subfield>
    <subfield code="c">11-05-24</subfield>
  </datafield>
  <datafield tag="907" ind1=" " ind2=" ">
    <subfield code="a">.b12521711</subfield>
    <subfield code="b">11-10-21</subfield>
    <subfield code="c">11-05-24</subfield>
  </datafield>
  <datafield tag="945" ind1=" " ind2=" ">
    <subfield code="f">J</subfield>
    <subfield code="a">808.1:I13sA:c.1</subfield>
    <subfield code="i">01031802</subfield>
    <subfield code="j">.i13020687</subfield>
    <subfield code="l">u0503</subfield>
  </datafield>
  <datafield tag="998" ind1=" " ind2=" ">
    <subfield code="a">u05</subfield>
    <subfield code="b">97-07-15</subfield>
    <subfield code="c">m</subfield>
    <subfield code="d">a  </subfield>
    <subfield code="e">-</subfield>
    <subfield code="f">ara</subfield>
    <subfield code="g">ua </subfield>
    <subfield code="h">0</subfield>
    <subfield code="i">1</subfield>
  </datafield>
</record>
</collection>
